@book{palacios,
	author="Palacios, Concha and Pagliarani, Carlos",
	title="Álgebra",
	year="1996",
	subtitle="Teoría y ejercicios",
	publisher="Editorial Ciencia 3",
	isbn="84-86204-75-5"
}
@book{prieto2000,
	author="Prieto Sáez, Emilio and A.Álvarez López, Alberto and Arándiga Raez, María Ángeles",
	title="Álgebra lineal",
	year="2000",
	subtitle="Problemas resueltos y cuestiones comentadas",
	publisher="Editorial Universitaria Ramón Areces",
	isbn="978-84-8004-437-0"
}
@book{prieto2008,
	author={Prieto Sáez, Emilio and Buendía Capellá, Mónica},
	title="Matemáticas empresariales I",
	subtitle="Teoría para la diplomatura en ciencias empresariales",
	year="2008",
	publisher="Editorial Universitaria Ramón Areces",
	isbn="978-84-8004-877-4"
}
@book{kostrikin,
	author={Kostrikin, A. I.},
	title="Introducción al álgebra",
	year="1983",
	publisher="Editorial MIR",
	isbn="no"
}
@book{santillana2016_2bach,
	author={Pérez, José Carlos Gámez and Marín García, Silvia and Martín Palomo, Alfredo and
		Pérez Saavedra, Carlos and Sánchez Figueroa, Domingo},
	title={Matemáticas II},
	year={2016},
	subtitle={Resuelve},
	publisher={Santillana},
	isbn={978-84-680-3322-8}
}
@book{cms1,
	volume={1},
	crossref={cms},
	title={Geometría analítica y álgebra lineal}
}
@book{cms7,
	volume={7},
	crossref={cms},
	title={Teoría de probabilidades},
}
@MvBook{cms,
	volumes={11},
	author={Krasnov, M.L. and Kiseliov A.I. and Makárenko G.I. and Shikin Ie.V. and Zaliapin V.I.},
	title={Curso de Matemáticas Superiores},
	year={2003},
	isbn={5-354-00454-3}
}
@book{velez11,
	author={Vélez Ibarrola, Ricardo and Hernández Morales, Víctor},
	title={Cálculo de probabilidades I},
	year={2011},
	publisher={UNED},
	isbn={978-84-362-6370-1}
}
@book{pliego1998,
	author={Martín Pliego, Francisco Javier and Ruiz-Maya Pérez, Luis},
	title={Fundamentos de probabilidad},
	year={2005},
	publisher={Paraninfo},
	isbn={84-9732-500-1}
}
@book{jeffrey1967,
	author="Richard C. Jeffrey",
	title="Lógica formal",
	subtitle="Su alcanza y sus límites",
	year="1967",
	publisher="Ediciones Universidad de Navarra S.A.",
	isbn="84-313-0949-0"
}
@book{kelley1995,
	author="Kelley, Dean",
	title="Teoría de autómatas y lenguajes formales",
	year="1995",
	publisher="Prentice Hall",
	isbn="0-13-518705-2"
}
